<record><leader>00000cas a22000007a 4500</leader><controlfield tag="001">25858045</controlfield><controlfield tag="008">920521d19101917ncuwr ne      0    0eng d</controlfield><datafield ind1=" " ind2=" " tag="010"><subfield code="a">sn 92073052 </subfield></datafield><datafield ind1=" " ind2=" " tag="040"><subfield code="a">NVJ</subfield><subfield code="b">eng</subfield><subfield code="c">NVJ</subfield><subfield code="d">FUG</subfield><subfield code="d">OCLCQ</subfield><subfield code="d">OCLCF</subfield><subfield code="d">OCLCO</subfield></datafield><datafield ind1="1" ind2=" " tag="029"><subfield code="a">AU@</subfield><subfield code="b">000020693010</subfield></datafield><datafield ind1=" " ind2=" " tag="042"><subfield code="a">msc</subfield></datafield><datafield ind1=" " ind2=" " tag="043"><subfield code="a">n-us-nc</subfield></datafield><datafield ind1="0" ind2=" " tag="130"><subfield code="a">Progressive farmer and southern farm gazette (Raleigh, N.C.)</subfield></datafield><datafield ind1="1" ind2="4" tag="245"><subfield code="a">The progressive farmer and Southern farm gazette.</subfield></datafield><datafield ind1="1" ind2="3" tag="246"><subfield code="a">Progressive farmer</subfield></datafield><datafield ind1="1" ind2="7" tag="246"><subfield code="a">Progressive farmer and gazette</subfield></datafield><datafield ind1="3" ind2="0" tag="246"><subfield code="a">Southern farm gazette</subfield></datafield><datafield ind1=" " ind2=" " tag="260"><subfield code="a">Raleigh, N.C. :</subfield><subfield code="b">Agricultural Pub. Co.,</subfield><subfield code="c">1910-1917.</subfield></datafield><datafield ind1=" " ind2=" " tag="300"><subfield code="a">8 v. :</subfield><subfield code="b">ill. ;</subfield><subfield code="c">39 cm.</subfield></datafield><datafield ind1=" " ind2=" " tag="310"><subfield code="a">Weekly</subfield></datafield><datafield ind1="0" ind2=" " tag="362"><subfield code="a">Vol. 25, no. 1 (Jan. 8, 1910)-v. 32, no. 28 (July 14, 1917).</subfield></datafield><datafield ind1=" " ind2=" " tag="500"><subfield code="a">"A farm and home weekly for North and South Carolina, Virginia, Tennessee, and Georgia" 1910-&lt;1911&gt;; "A farm and home weekly for the Carolinas, Virginia, Georgia and Florida" &lt;1913&gt;-1917.</subfield></datafield><datafield ind1=" " ind2="0" tag="650"><subfield code="a">Agriculture</subfield><subfield code="z">Southern States</subfield><subfield code="v">Newspapers.</subfield></datafield><datafield ind1=" " ind2="0" tag="651"><subfield code="a">Raleigh (N.C.)</subfield><subfield code="v">Newspapers.</subfield></datafield><datafield ind1=" " ind2="0" tag="651"><subfield code="a">Wake County (N.C.)</subfield><subfield code="v">Newspapers.</subfield></datafield><datafield ind1=" " ind2="7" tag="655"><subfield code="a">Newspapers.</subfield><subfield code="2">fast</subfield><subfield code="0">(OCoLC)fst01423814</subfield></datafield><datafield ind1=" " ind2="7" tag="650"><subfield code="a">Agriculture.</subfield><subfield code="2">fast</subfield><subfield code="0">(OCoLC)fst00801355</subfield></datafield><datafield ind1=" " ind2="7" tag="651"><subfield code="a">North Carolina</subfield><subfield code="z">Raleigh.</subfield><subfield code="2">fast</subfield><subfield code="0">(OCoLC)fst01206341</subfield></datafield><datafield ind1=" " ind2="7" tag="651"><subfield code="a">North Carolina</subfield><subfield code="z">Wake County.</subfield><subfield code="2">fast</subfield><subfield code="0">(OCoLC)fst01204274</subfield></datafield><datafield ind1=" " ind2="7" tag="651"><subfield code="a">Southern States.</subfield><subfield code="2">fast</subfield><subfield code="0">(OCoLC)fst01244550</subfield></datafield><datafield ind1=" " ind2=" " tag="752"><subfield code="a">United States</subfield><subfield code="b">North Carolina</subfield><subfield code="c">Wake</subfield><subfield code="d">Raleigh.</subfield></datafield><datafield ind1="0" ind2=" " tag="776"><subfield code="t">Progressive farmer and southern farm gazette (Starkville, Miss.)</subfield><subfield code="w">(DLC)sn 87065610</subfield><subfield code="w">(OCoLC)16396692</subfield></datafield><datafield ind1="0" ind2="0" tag="780"><subfield code="t">Progressive farmer (Raleigh, N.C. : 1905)</subfield><subfield code="w">(DLC)sn 92073051</subfield><subfield code="w">(OCoLC)25858020</subfield></datafield><datafield ind1="0" ind2="0" tag="785"><subfield code="t">Progressive farmer (Raleigh, N.C. : 1917)</subfield><subfield code="w">(DLC)sn 92073053</subfield><subfield code="w">(OCoLC)25858085</subfield></datafield></record>